<?xml version="1.0" encoding="UTF-8"?><record xmlns="http://www.loc.gov/MARC21/slim" xmlns:cinclude="http://apache.org/cocoon/include/1.0" xmlns:zs="http://www.loc.gov/zing/srw/">
  <leader>00507cz  a2200145n  4500</leader>
  <controlfield tag="001">n  92047808 </controlfield>
  <controlfield tag="003">DLC</controlfield>
  <controlfield tag="005">19920529120618.4</controlfield>
  <controlfield tag="008">920430n| acannaab|          |a aaa |||  </controlfield>
  <datafield tag="010" ind1=" " ind2=" ">
    <subfield code="a">n  92047808 </subfield>
  </datafield>
  <datafield tag="040" ind1=" " ind2=" ">
    <subfield code="a">DLC</subfield>
    <subfield code="c">DLC</subfield>
    <subfield code="d">DLC</subfield>
  </datafield>
  <datafield tag="100" ind1="1" ind2="0">
    <subfield code="a">Raad, Gloria</subfield>
  </datafield>
  <datafield tag="400" ind1="1" ind2="0">
    <subfield code="a">Raad, G.</subfield>
    <subfield code="q">(Gloria)</subfield>
  </datafield>
  <datafield tag="670" ind1=" " ind2=" ">
    <subfield code="a">Her L'Argentine, 1991?:</subfield>
    <subfield code="b">t.p. (Gloria Raad) flap of cover (literary director of Editions Peuples du monde; photographer and writer)</subfield>
  </datafield>
  <datafield tag="670" ind1=" " ind2=" ">
    <subfield code="a">Rabouan, J.-B. Ladakh de la transe aĚ l'extase, 1991?</subfield>
    <subfield code="b">t.p. (G. Raad)</subfield>
  </datafield>
</record>